@article{LSTM,
	author = {Hochreiter, Sepp and Schmidhuber, JÃ¼rgen},
	year = {1997},
	month = {12},
	pages = {1735-80},
	title = {Long Short-term Memory},
	volume = {9},
	journal = {Neural computation},
	doi = {10.1162/neco.1997.9.8.1735}
}

@inproceedings{SSA,
	title={Singular Spectrum Analysis: A New Tool in Time Series Analysis},
	author={James B. Elsner and Anastasios A. Tsonis},
	year={1996},
	url={https://api.semanticscholar.org/CorpusID:115312240}
}

@article{Biosignals,
	author = {Motrenko, Anastasia and Strijov, Vadim},
	year = {2015},
	month = {08},
	pages = {},
	title = {Extracting Fundamental Periods to Segment Biomedical Signals},
	volume = {20},
	journal = {IEEE journal of biomedical and health informatics},
	doi = {10.1109/JBHI.2015.2466440}
}

@article{MDS,
	author = {Davison, Mark and Sireci, Stephen},
	year = {2012},
	month = {10},
	pages = {},
	title = {Multidimensional Scaling},
	doi = {10.1016/B978-012691360-6/50013-6}
}

@article{MulticorrelatedQuadratic,
	author = {Isachenko, Roman and Strijov, Vadim},
	year = {2022},
	month = {11},
	pages = {117967},
	title = {Quadratic programming feature selection for multicorrelated signal decoding with partial least squares},
	volume = {207},
	journal = {Expert Systems with Applications},
	doi = {10.1016/j.eswa.2022.117967}
}

@misc{boyd2017multiperiod,
	title={Multi-Period Trading via Convex Optimization}, 
	author={Stephen Boyd and Enzo Busseti and Steven Diamond and Ronald N. Kahn and Kwangmoo Koh and Peter Nystrup and Jan Speth},
	year={2017},
	eprint={1705.00109},
	archivePrefix={arXiv},
	primaryClass={q-fin.PM}
}

@misc{ARIMAvsLSTM,
	title={Forecasting Economics and Financial Time Series: ARIMA vs. LSTM}, 
	author={Sima Siami-Namini and Akbar Siami Namin},
	year={2018},
	eprint={1803.06386},
	archivePrefix={arXiv},
	primaryClass={cs.LG}
}

@misc{zeng2022transformers,
	title={Are Transformers Effective for Time Series Forecasting?}, 
	author={Ailing Zeng and Muxi Chen and Lei Zhang and Qiang Xu},
	year={2022},
	eprint={2205.13504},
	archivePrefix={arXiv},
	primaryClass={cs.AI}
}

@misc{lin2023segrnn,
	title={SegRNN: Segment Recurrent Neural Network for Long-Term Time Series Forecasting}, 
	author={Shengsheng Lin and Weiwei Lin and Wentai Wu and Feiyu Zhao and Ruichao Mo and Haotong Zhang},
	year={2023},
	eprint={2308.11200},
	archivePrefix={arXiv},
	primaryClass={cs.LG}
}

@misc{zhou2021informer,
	title={Informer: Beyond Efficient Transformer for Long Sequence Time-Series Forecasting}, 
	author={Haoyi Zhou and Shanghang Zhang and Jieqi Peng and Shuai Zhang and Jianxin Li and Hui Xiong and Wancai Zhang},
	year={2021},
	eprint={2012.07436},
	archivePrefix={arXiv},
	primaryClass={cs.LG}
}

@misc{jadon2022comprehensive,
	title={A Comprehensive Survey of Regression Based Loss Functions for Time Series Forecasting}, 
	author={Aryan Jadon and Avinash Patil and Shruti Jadon},
	year={2022},
	eprint={2211.02989},
	archivePrefix={arXiv},
	primaryClass={cs.LG}
}

@misc{puchkin2023sharper,
	title={Sharper dimension-free bounds on the Frobenius distance between sample covariance and its expectation}, 
	author={Nikita Puchkin and Fedor Noskov and Vladimir Spokoiny},
	year={2023},
	eprint={2308.14739},
	archivePrefix={arXiv},
	primaryClass={math.PR}
}